@article{drucker1997support,
  title={Support vector regression machines},
  author={Drucker, Harris and Burges, Christopher JC and Kaufman, Linda and Smola, Alex and Vapnik, Vladimir and others},
  journal={Advances in neural information processing systems},
  volume={9},
  pages={155--161},
  year={1997},
  publisher={Morgan Kaufmann Publishers}
}

@Article{chiu2015named,
  author = 	"Chiu, Jason
		and Nichols, Eric",
  title = 	"Named Entity Recognition with Bidirectional LSTM-CNNs",
  journal = 	"Transactions of the Association of Computational Linguistics",
  year = 	"2016",
  volume = 	"4",
  pages = 	"357--370",
  url = 	"http://aclweb.org/anthology/Q16-1026"
}

@InProceedings{wangattention,
  author = 	"Wang, Yequan
		and Huang, Minlie
		and zhu, xiaoyan
		and Zhao, Li",
  title = 	"Attention-based LSTM for Aspect-level Sentiment Classification",
  booktitle = 	"Proceedings of the 2016 Conference on Empirical Methods in Natural Language Processing",
  year = 	"2016",
  publisher = 	"Association for Computational Linguistics",
  pages = 	"606--615",
  location = 	"Austin, Texas",
  url = 	"http://aclweb.org/anthology/D16-1058"
}

@article{wu2016google,
  title={Google's Neural Machine Translation System: Bridging the Gap between Human and Machine Translation},
  author={Wu, Yonghui and Schuster, Mike and Chen, Zhifeng and Le, Quoc V and Norouzi, Mohammad and Macherey, Wolfgang and Krikun, Maxim and Cao, Yuan and Gao, Qin and Macherey, Klaus and others},
  journal={arXiv preprint arXiv:1609.08144},
  year={2016}
}

@article{mikolov2013efficient,
  title={Efficient estimation of word representations in vector space},
  author={Mikolov, Tomas and Chen, Kai and Corrado, Greg and Dean, Jeffrey},
  journal={arXiv preprint arXiv:1301.3781},
  year={2013}
}

@article{hochreiter1997long,
  title={Long short-term memory},
  author={Hochreiter, Sepp and Schmidhuber, J{\"u}rgen},
  journal={Neural computation},
  volume={9},
  number={8},
  pages={1735--1780},
  year={1997},
  publisher={MIT Press}
}
@misc{chollet2015keras,
  title={Keras},
  author={Chollet, Fran\c{c}ois},
  year={2015},
  publisher={GitHub},
  howpublished={\url{https://github.com/fchollet/keras}},
}

@article{graves2005framewise,
  title={Framewise phoneme classification with bidirectional LSTM and other neural network architectures},
  author={Graves, Alex and Schmidhuber, J{\"u}rgen},
  journal={Neural Networks},
  volume={18},
  number={5},
  pages={602--610},
  year={2005},
  publisher={Elsevier}
}
