@Inbook{TehEtAl2016,
title = "Reversing the polarity with emoticons",
keywords = "Sentiment, Emoticon, polarity, Emotion, Social Media",
author = "Teh, {Phoey Lee} and Rayson, {Paul Edward} and Irina Pak and Piao, {Scott Songlin} and Yeng, {Seow Mei}",
year = "2016",
month = "6",
doi = "10.1007/978-3-319-41754-7_48",
isbn = "9783319417530",
series = "Lecture Notes in Computer Science",
publisher = "Springer",
pages = "453--458",
editor = "Elizabeth Metais and Farid Meziane and Mohamad Saraee and Vijayan Sugumaran and Sunil Vadera",
booktitle = "Natural Language Processing and Information Systems",
}


@book{liu2015sentiment,
  title={Sentiment analysis: Mining opinions, sentiments, and emotions},
  author={Liu, Bing},
  year={2015},
  publisher={Cambridge University Press}
}

% Document sentiment analysis

@Inbook{pang2002,
  author = 	"Pang, Bo
		and Lee, Lillian
		and Vaithyanathan, Shivakumar",
  chapter = 	"Thumbs up? Sentiment Classification using Machine Learning Techniques",
  title = 	"Proceedings of the 2002 Conference on Empirical Methods in Natural Language Processing (EMNLP 2002)",
  year = 	"2002",
  url = 	"http://aclweb.org/anthology/W02-1011"
}

@InProceedings{pang2004,
  author = 	"Pang, Bo
		and Lee, Lillian",
  title = 	"A Sentimental Education: Sentiment Analysis Using Subjectivity Summarization Based on Minimum Cuts",
  booktitle = 	"Proceedings of the 42nd Annual Meeting of the Association for Computational Linguistics (ACL-04)",
  year = 	"2004",
  url = 	"http://aclweb.org/anthology/P04-1035"
}

@InProceedings{mass2011,
  author = 	"Maas, L. Andrew
		and Daly, E. Raymond
		and Pham, T. Peter
		and Huang, Dan
		and Ng, Y. Andrew
		and Potts, Christopher",
  title = 	"Learning Word Vectors for Sentiment Analysis",
  booktitle = 	"Proceedings of the 49th Annual Meeting of the Association for Computational Linguistics: Human Language Technologies",
  year = 	"2011",
  publisher = 	"Association for Computational Linguistics",
  pages = 	"142--150",
  location = 	"Portland, Oregon, USA",
  url = 	"http://aclweb.org/anthology/P11-1015"
}

@InProceedings{Paltoglou10,
  author = 	"Paltoglou, Georgios
		and Thelwall, Mike",
  title = 	"A Study of Information Retrieval Weighting Schemes for Sentiment Analysis",
  booktitle = 	"Proceedings of the 48th Annual Meeting of the Association for Computational Linguistics",
  year = 	"2010",
  publisher = 	"Association for Computational Linguistics",
  pages = 	"1386--1395",
  location = 	"Uppsala, Sweden",
  url = 	"http://aclweb.org/anthology/P10-1141"
}

@InProceedings{Blitzer07,
  author = 	"Blitzer, John
		and Dredze, Mark
		and Pereira, Fernando",
  title = 	"Biographies, Bollywood, Boom-boxes and Blenders: Domain Adaptation for Sentiment Classification",
  booktitle = 	"Proceedings of the 45th Annual Meeting of the Association of Computational Linguistics",
  year = 	"2007",
  publisher = 	"Association for Computational Linguistics",
  pages = 	"440--447",
  location = 	"Prague, Czech Republic",
  url = 	"http://aclweb.org/anthology/P07-1056"
}

@inproceedings{he16,
  title={Ups and downs: Modeling the visual evolution of fashion trends with one-class collaborative filtering},
  author={He, Ruining and McAuley, Julian},
  booktitle={Proceedings of the 25th International Conference on World Wide Web},
  pages={507--517},
  year={2016},
  organization={International World Wide Web Conferences Steering Committee}
}

@inproceedings{wang10,
  title={Latent aspect rating analysis on review text data: a rating regression approach},
  author={Wang, Hongning and Lu, Yue and Zhai, Chengxiang},
  booktitle={Proceedings of the 16th ACM SIGKDD international conference on Knowledge discovery and data mining},
  pages={783--792},
  year={2010},
  organization={ACM}
}

@InProceedings{Turney02,
  author = 	"Turney, Peter",
  title = 	"Thumbs Up or Thumbs Down? Semantic Orientation Applied to Unsupervised Classification of Reviews",
  booktitle = 	"Proceedings of the 40th Annual Meeting of the Association for Computational Linguistics",
  year = 	"2002",
  url = 	"http://aclweb.org/anthology/P02-1053"
}

@InProceedings{Xu16,
  author = 	"Xu, Jiacheng
		and Chen, Danlu
		and Qiu, Xipeng
		and Huang, Xuanjing",
  title = 	"Cached Long Short-Term Memory Neural Networks for Document-Level Sentiment Classification",
  booktitle = 	"Proceedings of the 2016 Conference on Empirical Methods in Natural Language Processing",
  year = 	"2016",
  publisher = 	"Association for Computational Linguistics",
  pages = 	"1660--1669",
  location = 	"Austin, Texas",
  url = 	"http://aclweb.org/anthology/D16-1172"
}

% Subjective sentence references:
@InProceedings{Wiebe99,
  author = 	"M. Wiebe, Janyce
		and F. Bruce, Rebecca
		and P. O'Hara, Thomas",
  title = 	"Development and Use of a Gold-Standard Data Set for Subjectivity Classifications",
  booktitle = 	"Proceedings of the 37th Annual Meeting of the Association for Computational Linguistics",
  year = 	"1999",
  url = 	"http://aclweb.org/anthology/P99-1032"
}

@Inbook{Riloff03,
  author = 	"Riloff, Ellen
		and Wiebe, Janyce
		and Wilson, Theresa",
  chapter = 	"Learning subjective nouns using extraction pattern bootstrapping",
  title = 	"Proceedings of the Seventh Conference on Natural Language Learning at HLT-NAACL 2003",
  year = 	"2003",
  url = 	"http://aclweb.org/anthology/W03-0404"
}

@InProceedings{PangSubj04,
  author = 	"Pang, Bo
		and Lee, Lillian",
  title = 	"A Sentimental Education: Sentiment Analysis Using Subjectivity Summarization Based on Minimum Cuts",
  booktitle = 	"Proceedings of the 42nd Annual Meeting of the Association for Computational Linguistics (ACL-04)",
  year = 	"2004",
  url = 	"http://aclweb.org/anthology/P04-1035"
}

@InProceedings{Deng15,
  author = 	"Deng, Lingjia
		and Wiebe, Janyce",
  title = 	"MPQA 3.0: An Entity/Event-Level Sentiment Corpus",
  booktitle = 	"Proceedings of the 2015 Conference of the North American Chapter of the      Association for Computational Linguistics: Human Language Technologies     ",
  year = 	"2015",
  publisher = 	"Association for Computational Linguistics",
  pages = 	"1323--1328",
  location = 	"Denver, Colorado",
  doi = 	"10.3115/v1/N15-1146",
  url = 	"http://aclweb.org/anthology/N15-1146"
}

% Sentence sentiment

@InProceedings{pang05,
  author = 	"Pang, Bo
		and Lee, Lillian",
  title = 	"Seeing Stars: Exploiting Class Relationships for Sentiment Categorization with Respect to Rating Scales",
  booktitle = 	"Proceedings of the 43rd Annual Meeting of the Association for Computational Linguistics (ACL'05)",
  year = 	"2005",
  publisher = 	"Association for Computational Linguistics",
  pages = 	"115--124",
  location = 	"Ann Arbor, Michigan",
  url = 	"http://aclweb.org/anthology/P05-1015"
}

@article{Ribeiro16,
  title={SentiBench-a benchmark comparison of state-of-the-practice sentiment analysis methods},
  author={Ribeiro, Filipe N and Ara{\'u}jo, Matheus and Gon{\c{c}}alves, Pollyanna and Gon{\c{c}}alves, Marcos Andr{\'e} and Benevenuto, Fabr{\'\i}cio},
  journal={EPJ Data Science},
  volume={5},
  number={1},
  pages={1--29},
  year={2016},
  publisher={Springer}
}

@InProceedings{Socher13,
  author = 	"Socher, Richard
		and Perelygin, Alex
		and Wu, Jean
		and Chuang, Jason
		and Manning, D. Christopher
		and Ng, Andrew
		and Potts, Christopher",
  title = 	"Recursive Deep Models for Semantic Compositionality Over a Sentiment Treebank",
  booktitle = 	"Proceedings of the 2013 Conference on Empirical Methods in Natural Language Processing",
  year = 	"2013",
  publisher = 	"Association for Computational Linguistics",
  pages = 	"1631--1642",
  location = 	"Seattle, Washington, USA",
  url = 	"http://aclweb.org/anthology/D13-1170"
}


@InProceedings{McDonald07,
  author = 	"McDonald, Ryan
		and Hannan, Kerry
		and Neylon, Tyler
		and Wells, Mike
		and Reynar, Jeff",
  title = 	"Structured Models for Fine-to-Coarse Sentiment Analysis",
  booktitle = 	"Proceedings of the 45th Annual Meeting of the Association of Computational Linguistics",
  year = 	"2007",
  publisher = 	"Association for Computational Linguistics",
  pages = 	"432--439",
  location = 	"Prague, Czech Republic",
  url = 	"http://aclweb.org/anthology/P07-1055"
}

% Twitter sentiment analysis

@InProceedings{Nakov13,
  author = 	"Nakov, Preslav
		and Rosenthal, Sara
		and Kozareva, Zornitsa
		and Stoyanov, Veselin
		and Ritter, Alan
		and Wilson, Theresa",
  title = 	"SemEval-2013 Task 2: Sentiment Analysis in Twitter",
  booktitle = 	"Second Joint Conference on Lexical and Computational Semantics (*SEM), Volume 2: Proceedings of the Seventh International Workshop on Semantic Evaluation (SemEval 2013)",
  year = 	"2013",
  publisher = 	"Association for Computational Linguistics",
  pages = 	"312--320",
  location = 	"Atlanta, Georgia, USA",
  url = 	"http://aclweb.org/anthology/S13-2052"
}
@inproceedings{Pak10,
  title={Twitter as a Corpus for Sentiment Analysis and Opinion Mining.},
  author={Pak, Alexander and Paroubek, Patrick},
  booktitle={LREc},
  volume={10},
  number={2010},
  year={2010}
}

@InProceedings{Hagen15,
  author = 	"Hagen, Matthias
		and Potthast, Martin
		and B{\"u}chner, Michel
		and Stein, Benno",
  title = 	"Webis: An Ensemble for Twitter Sentiment Detection",
  booktitle = 	"Proceedings of the 9th International Workshop on Semantic Evaluation      (SemEval 2015)    ",
  year = 	"2015",
  publisher = 	"Association for Computational Linguistics",
  pages = 	"582--589",
  location = 	"Denver, Colorado",
  doi = 	"10.18653/v1/S15-2097",
  url = 	"http://aclweb.org/anthology/S15-2097"
}

@InProceedings{Tang14,
  author = 	"Tang, Duyu
		and Wei, Furu
		and Yang, Nan
		and Zhou, Ming
		and Liu, Ting
		and Qin, Bing",
  title = 	"Learning Sentiment-Specific Word Embedding for Twitter Sentiment Classification",
  booktitle = 	"Proceedings of the 52nd Annual Meeting of the Association for      Computational Linguistics (Volume 1: Long Papers)    ",
  year = 	"2014",
  publisher = 	"Association for Computational Linguistics",
  pages = 	"1555--1565",
  location = 	"Baltimore, Maryland",
  doi = 	"10.3115/v1/P14-1146",
  url = 	"http://aclweb.org/anthology/P14-1146"
}

% Dictionary creation 

@InProceedings{Kaji07,
  author = 	"Kaji, Nobuhiro
		and Kitsuregawa, Masaru",
  title = 	"Building Lexicon for Sentiment Analysis from Massive Collection of HTML Documents",
  booktitle = 	"Proceedings of the 2007 Joint Conference on Empirical Methods in Natural Language Processing and Computational Natural Language Learning (EMNLP-CoNLL)",
  year = 	"2007",
  url = 	"http://aclweb.org/anthology/D07-1115"
}

@article{Loughran11,
  title={When is a liability not a liability? Textual analysis, dictionaries, and 10-Ks},
  author={Loughran, Tim and McDonald, Bill},
  journal={The Journal of Finance},
  volume={66},
  number={1},
  pages={35--65},
  year={2011},
}

@inproceedings{Hu04,
  title={Mining and summarizing customer reviews},
  author={Hu, Minqing and Liu, Bing},
  booktitle={Proceedings of the tenth ACM SIGKDD international conference on Knowledge discovery and data mining},
  pages={168--177},
  year={2004},
  organization={ACM}
}

@InProceedings{Hamilton16,
  author = 	"Hamilton, L. William
		and Clark, Kevin
		and Leskovec, Jure
		and Jurafsky, Dan",
  title = 	"Inducing Domain-Specific Sentiment Lexicons from Unlabeled Corpora",
  booktitle = 	"Proceedings of the 2016 Conference on Empirical Methods in Natural Language Processing",
  year = 	"2016",
  publisher = 	"Association for Computational Linguistics",
  pages = 	"595--605",
  location = 	"Austin, Texas",
  url = 	"http://aclweb.org/anthology/D16-1057"
}

% opinion holder and topic and aspect

@inproceedings{ding08,
  title={A holistic lexicon-based approach to opinion mining},
  author={Ding, Xiaowen and Liu, Bing and Yu, Philip S},
  booktitle={Proceedings of the 2008 international conference on web search and data mining},
  pages={231--240},
  year={2008},
  organization={ACM}
}

@InProceedings{Nasukawa03,
  title={Sentiment analysis: Capturing favorability using natural language processing},
  author={Nasukawa, Tetsuya and Yi, Jeonghee},
  booktitle={Proceedings of the 2nd international conference on Knowledge capture},
  pages={70--77},
  year={2003},
  organization={ACM}
}

@InProceedings{Ruder16,
  author = 	"Ruder, Sebastian
		and Ghaffari, Parsa
		and Breslin, G. John",
  title = 	"A Hierarchical Model of Reviews for Aspect-based Sentiment Analysis",
  booktitle = 	"Proceedings of the 2016 Conference on Empirical Methods in Natural Language Processing",
  year = 	"2016",
  publisher = 	"Association for Computational Linguistics",
  pages = 	"999--1005",
  location = 	"Austin, Texas",
  url = 	"http://aclweb.org/anthology/D16-1103"
}

@InProceedings{Wang16,
  author = 	"Wang, Yequan
		and Huang, Minlie
		and zhu, xiaoyan
		and Zhao, Li",
  title = 	"Attention-based LSTM for Aspect-level Sentiment Classification",
  booktitle = 	"Proceedings of the 2016 Conference on Empirical Methods in Natural Language Processing",
  year = 	"2016",
  publisher = 	"Association for Computational Linguistics",
  pages = 	"606--615",
  location = 	"Austin, Texas",
  url = 	"http://aclweb.org/anthology/D16-1058"
}

%Reproducibility
@inproceedings{Edison17,
  author={Marrese-Taylor, Edison and Matsuo, Yutaka},
  title={Replication issues in syntax-based aspect extraction for opinion mining},
  booktitle={Proceedings of the Student Research Workshop at the 15th Conference of the European Chapter of the Association for Computational Linguistics},
  year={2017},
  publisher={Association for Computational Linguistics},
  pages={23--32}
}
