@InProceedings{fin_sem,
  author = 	"Moore, Andrew
		and Rayson, Paul",
  title = 	"Lancaster A at SemEval-2017 Task 5: Evaluation metrics matter: predicting      sentiment from financial news headlines    ",
  booktitle = 	"Proceedings of the 11th International Workshop on Semantic Evaluation      (SemEval-2017)    ",
  year = 	"2017",
  publisher = 	"Association for Computational Linguistics",
  pages = 	"581--585",
  location = 	"Vancouver, Canada",
  doi = 	"10.18653/v1/S17-2095",
  url = 	"http://aclanthology.coli.uni-saarland.de/pdf/S/S17/S17-2095.pdf"
}

@InProceedings{corenlp,
  author = 	"Manning, Christopher
		and Surdeanu, Mihai
		and Bauer, John
		and Finkel, Jenny
		and Bethard, Steven
		and McClosky, David",
  title = 	"The Stanford CoreNLP Natural Language Processing Toolkit",
  booktitle = 	"Proceedings of 52nd Annual Meeting of the Association for Computational      Linguistics: System Demonstrations    ",
  year = 	"2014",
  publisher = 	"Association for Computational Linguistics",
  pages = 	"55--60",
  location = 	"Baltimore, Maryland",
  doi = 	"10.3115/v1/P14-5010",
  url = 	"http://aclanthology.coli.uni-saarland.de/pdf/P/P14/P14-5010.pdf"
}