# Datasets
@inproceedings{pang_2005,
  title={Seeing stars: Exploiting class relationships for sentiment categorization with respect to rating scales},
  author={Pang, Bo and Lee, Lillian},
  booktitle={Proceedings of the 43rd annual meeting on association for computational linguistics},
  pages={115--124},
  year={2005},
  organization={Association for Computational Linguistics}
}
@book{wilson_2008,
  title={Fine-grained subjectivity and sentiment analysis: recognizing the intensity, polarity, and attitudes of private states},
  author={Wilson, Theresa Ann},
  year={2008},
  publisher={University of Pittsburgh}
}
@InProceedings{pontiki_2014,
  author = 	"Pontiki, Maria
		and Galanis, Dimitris
		and Pavlopoulos, John
		and Papageorgiou, Harris
		and Androutsopoulos, Ion
		and Manandhar, Suresh",
  title = 	"SemEval-2014 Task 4: Aspect Based Sentiment Analysis",
  booktitle = 	"Proceedings of the 8th International Workshop on Semantic Evaluation      (SemEval 2014)     ",
  year = 	"2014",
  publisher = 	"Association for Computational Linguistics",
  pages = 	"27--35",
  location = 	"Dublin, Ireland",
  doi = 	"10.3115/v1/S14-2004",
  url = 	"http://aclanthology.coli.uni-saarland.de/pdf/S/S14/S14-2004.pdf"
}
@InProceedings{pontiki_2015,
  author = 	"Pontiki, Maria
		and Galanis, Dimitris
		and Papageorgiou, Haris
		and Manandhar, Suresh
		and Androutsopoulos, Ion",
  title = 	"SemEval-2015 Task 12: Aspect Based Sentiment Analysis",
  booktitle = 	"Proceedings of the 9th International Workshop on Semantic Evaluation      (SemEval 2015)    ",
  year = 	"2015",
  publisher = 	"Association for Computational Linguistics",
  pages = 	"486--495",
  location = 	"Denver, Colorado",
  doi = 	"10.18653/v1/S15-2082",
  url = 	"http://www.aclweb.org/anthology/S15-2082"
}

# Methods
@InProceedings{mitchell_2013,
  author = 	"Mitchell, Margaret
		and Aguilar, Jacqui
		and Wilson, Theresa
		and Van Durme, Benjamin",
  title = 	"Open Domain Targeted Sentiment",
  booktitle = 	"Proceedings of the 2013 Conference on Empirical Methods in Natural Language Processing",
  year = 	"2013",
  publisher = 	"Association for Computational Linguistics",
  pages = 	"1643--1654",
  location = 	"Seattle, Washington, USA",
  url = 	"http://www.aclweb.org/anthology/D13-1171"
}
@InProceedings{kiritchenko_2014,
  author = 	"Kiritchenko, Svetlana
		and Zhu, Xiaodan
		and Cherry, Colin
		and Mohammad, Saif",
  title = 	"NRC-Canada-2014: Detecting Aspects and Sentiment in Customer Reviews",
  booktitle = 	"Proceedings of the 8th International Workshop on Semantic Evaluation      (SemEval 2014)     ",
  year = 	"2014",
  publisher = 	"Association for Computational Linguistics",
  pages = 	"437--442",
  location = 	"Dublin, Ireland",
  doi = 	"10.3115/v1/S14-2076",
  url = 	"http://aclanthology.coli.uni-saarland.de/pdf/S/S14/S14-2076.pdf"
}
@InProceedings{dong_2014,
  author = 	"Dong, Li
		and Wei, Furu
		and Tan, Chuanqi
		and Tang, Duyu
		and Zhou, Ming
		and Xu, Ke",
  title = 	"Adaptive Recursive Neural Network for Target-dependent Twitter Sentiment      Classification    ",
  booktitle = 	"Proceedings of the 52nd Annual Meeting of the Association for      Computational Linguistics (Volume 2: Short Papers)    ",
  year = 	"2014",
  publisher = 	"Association for Computational Linguistics",
  pages = 	"49--54",
  location = 	"Baltimore, Maryland",
  doi = 	"10.3115/v1/P14-2009",
  url = 	"http://aclanthology.coli.uni-saarland.de/pdf/P/P14/P14-2009.pdf"
}
@InProceedings{Tang_2016_tdlstm,
  author = 	"Tang, Duyu
		and Qin, Bing
		and Feng, Xiaocheng
		and Liu, Ting",
  title = 	"Effective LSTMs for Target-Dependent Sentiment Classification",
  booktitle = 	"Proceedings of COLING 2016, the 26th International Conference on Computational Linguistics: Technical Papers",
  year = 	"2016",
  publisher = 	"The COLING 2016 Organizing Committee",
  pages = 	"3298--3307",
  location = 	"Osaka, Japan",
  url = 	"http://aclanthology.coli.uni-saarland.de/pdf/C/C16/C16-1311.pdf"
}
@InProceedings{Tang_2016_mem,
  author = 	"Tang, Duyu
		and Qin, Bing
		and Liu, Ting",
  title = 	"Aspect Level Sentiment Classification with Deep Memory Network",
  booktitle = 	"Proceedings of the 2016 Conference on Empirical Methods in Natural Language Processing",
  year = 	"2016",
  publisher = 	"Association for Computational Linguistics",
  pages = 	"214--224",
  location = 	"Austin, Texas",
  doi = 	"10.18653/v1/D16-1021",
  url = 	"http://aclanthology.coli.uni-saarland.de/pdf/D/D16/D16-1021.pdf"
}
@inproceedings{vo_2015,
  title={Target-Dependent Twitter Sentiment Classification with Rich Automatic Features.},
  author={Vo, Duy-Tin and Zhang, Yue},
  booktitle={IJCAI},
  pages={1347--1353},
  year={2015}
}

@inproceedings{zhang_2016,
  title={Gated Neural Networks for Targeted Sentiment Analysis.},
  author={Zhang, Meishan and Zhang, Yue and Vo, Duy-Tin},
  booktitle={AAAI},
  pages={3087--3093},
  year={2016}
}
@InProceedings{zhang_2015,
  author = 	"Zhang, Meishan
		and Zhang, Yue
		and Vo, Duy Tin",
  title = 	"Neural Networks for Open Domain Targeted Sentiment",
  booktitle = 	"Proceedings of the 2015 Conference on Empirical Methods in Natural      Language Processing    ",
  year = 	"2015",
  publisher = 	"Association for Computational Linguistics",
  pages = 	"612--621",
  location = 	"Lisbon, Portugal",
  doi = 	"10.18653/v1/D15-1073",
  url = 	"http://www.aclweb.org/anthology/D15-1073"
}
@InProceedings{wang_2016,
  author = 	"Wang, Yequan
		and Huang, Minlie
		and zhu, xiaoyan
		and Zhao, Li",
  title = 	"Attention-based LSTM for Aspect-level Sentiment Classification",
  booktitle = 	"Proceedings of the 2016 Conference on Empirical Methods in Natural      Language Processing    ",
  year = 	"2016",
  publisher = 	"Association for Computational Linguistics",
  pages = 	"606--615",
  location = 	"Austin, Texas",
  doi = 	"10.18653/v1/D16-1058",
  url = 	"http://www.aclweb.org/anthology/D16-1058"
}
@InProceedings{chen_2017,
  author = 	"Chen, Peng
		and Sun, Zhongqian
		and Bing, Lidong
		and Yang, Wei",
  title = 	"Recurrent Attention Network on Memory for Aspect Sentiment Analysis",
  booktitle = 	"Proceedings of the 2017 Conference on Empirical Methods in Natural Language Processing",
  year = 	"2017",
  publisher = 	"Association for Computational Linguistics",
  pages = 	"463--472",
  location = 	"Copenhagen, Denmark",
  url = 	"http://aclweb.org/anthology/D17-1048"
}
@InProceedings{liu_2017,
  author = 	"Liu, Jiangming
		and Zhang, Yue",
  title = 	"Attention Modeling for Targeted Sentiment",
  booktitle = 	"Proceedings of the 15th Conference of the European Chapter of the Association for Computational Linguistics: Volume 2, Short Papers",
  year = 	"2017",
  publisher = 	"Association for Computational Linguistics",
  pages = 	"572--577",
  location = 	"Valencia, Spain",
  url = 	"http://aclanthology.coli.uni-saarland.de/pdf/E/E17/E17-2091.pdf"
}
@InProceedings{wang_2017,
  author = 	"Wang, Bo
		and Liakata, Maria
		and Zubiaga, Arkaitz
		and Procter, Rob",
  title = 	"TDParse: Multi-target-specific sentiment recognition on Twitter",
  booktitle = 	"Proceedings of the 15th Conference of the European Chapter of the Association for Computational Linguistics: Volume 1, Long Papers",
  year = 	"2017",
  publisher = 	"Association for Computational Linguistics",
  pages = 	"483--493",
  location = 	"Valencia, Spain",
  url = 	"http://aclanthology.coli.uni-saarland.de/pdf/E/E17/E17-1046.pdf"
}
@Misc{Marrese_Taylor_2017,
  author = 	"Marrese-Taylor, Edison
		and Balazs, Jorge
		and Matsuo, Yutaka",
  title = 	"Mining fine-grained opinions on closed captions of YouTube videos with an attention-RNN",
  year = 	"2017",
  publisher = 	"Association for Computational Linguistics",
  pages = 	"102--111",
  location = 	"Copenhagen, Denmark",
  url = 	"http://aclweb.org/anthology/W17-5213"
}
@article{tay_2017,
  title={Learning to Attend via Word-Aspect Associative Fusion for Aspect-based Sentiment Analysis},
  author={Tay, Yi and Luu, Anh Tuan and Hui, Siu Cheung},
  journal={arXiv preprint arXiv:1712.05403},
  year={2017}
}

@inproceedings{reimers2017reporting,
  title={Reporting Score Distributions Makes a Difference: Performance Study of LSTM-networks for Sequence Tagging},
  author={Reimers, Nils and Gurevych, Iryna},
  booktitle={Proceedings of the 2017 Conference on Empirical Methods in Natural Language Processing},
  pages={338--348},
  year={2017}
}